
@article{schneider_nfcsim:_2005,
	title = {{NFCSim}: A Dynamic Fuel Burnup and Fuel Cycle Simulation Tool},
	volume = {151},
	number = {1},
	journal = {Nuclear Technology},
	author = {Schneider, Erich A. and Bathke, Charles G. and James, Michael R.},
	month = jul,
	year = {2005},
	keywords = {Fuel Cycle, Reactivity Modeling, Simulation},
	pages = {35--50},
	file = {NT-151-1-35-Schneider, et al.pdf:/Users/khuff/Library/Application Support/Zotero/Profiles/yvcdiih0.default/zotero/storage/6PQV8DQ3/NT-151-1-35-Schneider, et al.pdf:application/pdf}
}

@misc{bathke_overview_2003,
	address = {Albuquerque, {NM}, United States},
	type = {Powerpoint},
	title = {Overview of Transient Nuclear Fuel Cycle Systems Studies at Los Alamos},
	author = {Bathke, Chuck and Krakowski, Bob and James, Mike and Schneider, Erich and Lovejoy, Chris and Trellue, Holly and Greening, Lorna},
	month = jan,
	year = {2003},
	keywords = {Integrated {NFC} Modeling, Neutronics, {NFCSIM}, Optimization, Simulation, Yucca Mountain},
	file = {systems_analysis_4_krakowski_overview_or_nfc.pdf:/Users/khuff/Library/Application Support/Zotero/Profiles/yvcdiih0.default/zotero/storage/F5C2ZGU6/systems_analysis_4_krakowski_overview_or_nfc.pdf:application/pdf}
}

@inproceedings{gidden_once-through_2012,
	address = {San Diego, {CA}},
	title = {Once-Through Benchmarks with C {YCLUS}, a Modular, Open-Source Fuel Cycle Simulator},
	booktitle = {Proceedings of the 2012 {ANS} Winter Conference},
	author = {Gidden, Matthew and Wilson, Paul and Huff, K. and Carlsen, R.},
	month = nov,
	year = {2012},
	annote = {github repo at github.com/gidden/ans12w},
	file = {main.pdf:/Users/khuff/Library/Application Support/Zotero/Profiles/yvcdiih0.default/zotero/storage/RWH8T65H/main.pdf:application/pdf;trans_v107_n1_pp264-266.pdf:/Users/khuff/Library/Application Support/Zotero/Profiles/yvcdiih0.default/zotero/storage/G59IFE2G/trans_v107_n1_pp264-266.pdf:application/pdf}
}

@misc{carlsen_cycamore_2014,
	title = {Cycamore v1.0.0},
	url = {http://figshare.com/articles/Cycamore_v1_0_0/1041829},
	abstract = {Additional module for Cyclus, the nuclear fuel cycle simulator developed at the University of Wisconsin - Madison, supporting the modeling of innovative fuel cycles.},
	urldate = {2014-06-03},
	author = {Carlsen, Robert W. and Gidden, Matthew and Huff, Kathryn and Opotowsky, Arrielle C. and Rakhimov, Olzhas and Scopatz, Anthony M. and WIlson, Paul},
	month = jun,
	year = {2014},
	keywords = {agent-based simulation, nuclear fuel cycle},
	file = {cycamore_1.0.0:/Users/khuff/Library/Application Support/Zotero/Profiles/yvcdiih0.default/zotero/storage/MR8M72RH/Scopatz et al. - 2014 - Cycamore v1.0.0:application/zip;Figshare Download:/Users/khuff/Library/Application Support/Zotero/Profiles/yvcdiih0.default/zotero/storage/MWK6V6EH/Scopatz et al. - 2014 - Cycamore v1.0.0:application/zip;Figshare Snapshot:/Users/khuff/Library/Application Support/Zotero/Profiles/yvcdiih0.default/zotero/storage/4PAZGVJH/Scopatz et al. - 2014 - Cycamore v1.0.0.html:text/html;Full Text (HTML):/Users/khuff/Library/Application Support/Zotero/Profiles/yvcdiih0.default/zotero/storage/63CSK3EE/Scopatz et al. - 2014 - Cycamore v1.0.0.html:text/html}
}

@misc{carlsen_cyclus_2014,
	title = {Cyclus v1.0.0},
	url = {http://figshare.com/articles/Cyclus_v1_0_0/1041745},
	abstract = {Cyclus is the next-generation agent-based nuclear fuel cycle simulator, providing flexibility to users and developers through adynamic resource exchange solver and plug-in, user-developed agent framework.
The goal of Cyclus is to enable a broad spectrum of fuel cycle simulation while providing a low barrier to entry for new users and agent developers. Cyclus engages with potential module developers and encourages them to join a vibrant community in anexpanding ecosystem. Users and developers are always welcome and encouraged to use or contribute to the Cyclus project.},
	urldate = {2014-06-24},
	author = {Carlsen, Robert W. and Gidden, Matthew and Huff, Kathryn and Opotowsky, Arrielle C. and Rakhimov, Olzhas and Scopatz, Anthony M. and Welch, Zach and Wilson, Paul},
	month = jun,
	year = {2014},
	keywords = {agent-based simulation, nuclear fuel cycle},
	file = {cyclus_1.0.0:/Users/khuff/Library/Application Support/Zotero/Profiles/yvcdiih0.default/zotero/storage/9US2IQKN/Carlsen et al. - 2014 - Cyclus v1.0.0.zip:application/zip;Figshare Download:/Users/khuff/Library/Application Support/Zotero/Profiles/yvcdiih0.default/zotero/storage/97GKDFER/Carlsen et al. - 2014 - Cyclus v1.0.0.zip:application/zip;Figshare Snapshot:/Users/khuff/Library/Application Support/Zotero/Profiles/yvcdiih0.default/zotero/storage/UA8EFFKZ/1041745.html:text/html;Full Text (HTML):/Users/khuff/Library/Application Support/Zotero/Profiles/yvcdiih0.default/zotero/storage/I4RBFJK3/1041745.html:text/html}
}

@inproceedings{flanagan_input_2013,
	address = {Salt Lake City, {UT}, United States},
	title = {Input Visualization for the Cyclus Nuclear Fuel Cycle Simulator: Cyclus Input Control},
	booktitle = {Proceedings of {GLOBAL} 2013},
	author = {Flanagan, Robert and Schneider, Erich A.},
	month = oct,
	year = {2013}
}